<?xml version="1.0" encoding="UTF-8"?><collection xmlns="http://www.loc.gov/MARC21/slim"><record><leader>00378nam--2200145-i-4500</leader><controlfield tag="001">000049637</controlfield><controlfield tag="002">20161230</controlfield><controlfield tag="005">20161230201047</controlfield><controlfield tag="008">060222s1000------------r-----000-0-eng-d</controlfield><datafield ind1=" " ind2=" " tag="080"><subfield code="a">577.1:581.19</subfield></datafield><datafield ind1=" " ind2=" " tag="100"><subfield code="a">Arasimovich,V.V. I Kahana,B.M</subfield></datafield><datafield ind1=" " ind2=" " tag="245"><subfield code="a">Biohimiia topinambura</subfield></datafield><datafield ind1=" " ind2=" " tag="260"><subfield code="a">Kishinev, Shtiinca, 1974. 86 S</subfield></datafield><datafield ind1=" " ind2=" " tag="490"><subfield code="a">Akademiia Nauk Moldavskoi Sssr</subfield></datafield><datafield ind1=" " ind2=" " tag="852"><subfield code="a">42659</subfield></datafield></record></collection>